<?xml version="1.0" encoding="UTF-8"?><collection xmlns="http://www.loc.gov/MARC21/slim"><record><leader>00484nam--2200145-i-4500</leader><controlfield tag="001">000008927</controlfield><controlfield tag="002">20161230</controlfield><controlfield tag="005">20161230201028</controlfield><controlfield tag="008">060222s1000------------r-----000-0-eng-d</controlfield><datafield ind1=" " ind2=" " tag="080"><subfield code="a">539.19:620.9</subfield></datafield><datafield ind1=" " ind2=" " tag="100"><subfield code="a">Barat, Francois</subfield></datafield><datafield ind1=" " ind2=" " tag="245"><subfield code="a">Etude bibliographique du transfert d`energie entre modes de vibration lors de collisions moleculaires en phase gazeuse</subfield></datafield><datafield ind1=" " ind2=" " tag="260"><subfield code="a">Saclay, Service Central De Documentation Du C.E.A., 1969. 27 P</subfield></datafield><datafield ind1=" " ind2=" " tag="490"><subfield code="a">Bibliographie Cea-bib</subfield></datafield><datafield ind1=" " ind2=" " tag="852"><subfield code="a">D1021</subfield></datafield></record></collection>